<record><leader>00000cas a2200000 i 4500</leader><controlfield tag="001">960049115</controlfield><controlfield tag="006">m    fo  d        </controlfield><controlfield tag="007">cr |||||||||||</controlfield><controlfield tag="008">161007d186318uunyuwr neo     0    0eng c</controlfield><datafield ind1=" " ind2=" " tag="010"><subfield code="a">  2016263044</subfield></datafield><datafield ind1=" " ind2=" " tag="040"><subfield code="a">TXA</subfield><subfield code="b">eng</subfield><subfield code="e">rda</subfield><subfield code="e">pn</subfield><subfield code="c">TXA</subfield><subfield code="d">OCLCO</subfield><subfield code="d">OCLCQ</subfield></datafield><datafield ind1=" " ind2=" " tag="037"><subfield code="b">39 Park Row, New York</subfield></datafield><datafield ind1=" " ind2=" " tag="042"><subfield code="a">pcc</subfield></datafield><datafield ind1=" " ind2=" " tag="043"><subfield code="a">n-us---</subfield></datafield><datafield ind1="1" ind2="4" tag="050"><subfield code="a">E461</subfield><subfield code="b">.A768</subfield></datafield><datafield ind1="0" ind2="0" tag="245"><subfield code="a">Army and Navy journal :</subfield><subfield code="b">gazette of the regular and volunteer forces.</subfield></datafield><datafield ind1="1" ind2=" " tag="246"><subfield code="i">Vol. title page title:</subfield><subfield code="a">United States Army and Navy journal and gazette of the regular and volunteer forces</subfield></datafield><datafield ind1="1" ind2=" " tag="246"><subfield code="a">Army &amp; navy journal</subfield></datafield><datafield ind1=" " ind2="1" tag="264"><subfield code="3">1863-1865 :</subfield><subfield code="a">New York, N.Y. :</subfield><subfield code="b">[Benjamin Church]</subfield></datafield><datafield ind1="3" ind2="1" tag="264"><subfield code="3">1866-1873 :</subfield><subfield code="a">New York, N.Y. :</subfield><subfield code="b">[W.C. &amp; F. Church]</subfield></datafield><datafield ind1=" " ind2=" " tag="300"><subfield code="a">1 online resource</subfield></datafield><datafield ind1=" " ind2=" " tag="310"><subfield code="a">Weekly</subfield></datafield><datafield ind1=" " ind2=" " tag="336"><subfield code="a">text</subfield><subfield code="b">txt</subfield><subfield code="2">rdacontent</subfield></datafield><datafield ind1=" " ind2=" " tag="337"><subfield code="a">computer</subfield><subfield code="b">c</subfield><subfield code="2">rdamedia</subfield></datafield><datafield ind1=" " ind2=" " tag="338"><subfield code="a">online resource</subfield><subfield code="b">cr</subfield><subfield code="2">rdacarrier</subfield></datafield><datafield ind1="1" ind2=" " tag="362"><subfield code="a">Print began with Volume 1, Number 1 (August 29, 1863) = Whole Number 1,</subfield></datafield><datafield ind1=" " ind2=" " tag="500"><subfield code="a">Proprietor: Benjamin Church, 1863-1865; W.C. &amp; F. Church, 1866-1873.</subfield></datafield><datafield ind1=" " ind2=" " tag="588"><subfield code="a">Description based on: Volume 3, Number 20 = Whole Number 124 (January 6, 1866); title from masthead (ebscohost, viewed October 7, 2016).</subfield></datafield><datafield ind1=" " ind2=" " tag="588"><subfield code="a">Latest issue consulted: Volume 14, Number 13 = Whole Number 689 (Novermber 4, 1876) (ebscohost, viewed October 7, 2016).</subfield></datafield><datafield ind1=" " ind2="0" tag="651"><subfield code="a">United States</subfield><subfield code="x">History</subfield><subfield code="y">Civil War, 1861-1865</subfield><subfield code="x">Campaigns</subfield><subfield code="v">Periodicals.</subfield></datafield><datafield ind1="1" ind2="0" tag="610"><subfield code="a">United States.</subfield><subfield code="b">Army</subfield><subfield code="x">History</subfield><subfield code="y">Civil War, 1861-1865</subfield><subfield code="v">Periodicals.</subfield></datafield><datafield ind1="1" ind2="0" tag="610"><subfield code="a">United States.</subfield><subfield code="b">Navy</subfield><subfield code="x">History</subfield><subfield code="y">Civil War, 1861-1865</subfield><subfield code="v">Periodicals.</subfield></datafield><datafield ind1="1" ind2="7" tag="610"><subfield code="a">United States.</subfield><subfield code="b">Army.</subfield><subfield code="2">fast</subfield><subfield code="0">(OCoLC)fst00533532</subfield></datafield><datafield ind1="1" ind2="7" tag="610"><subfield code="a">United States.</subfield><subfield code="b">Navy.</subfield><subfield code="2">fast</subfield><subfield code="0">(OCoLC)fst00533204</subfield></datafield><datafield ind1="2" ind2="7" tag="611"><subfield code="a">American Civil War (1861-1865)</subfield><subfield code="2">fast</subfield><subfield code="0">(OCoLC)fst01351658</subfield></datafield><datafield ind1=" " ind2="7" tag="650"><subfield code="a">Military campaigns.</subfield><subfield code="2">fast</subfield><subfield code="0">(OCoLC)fst01710190</subfield></datafield><datafield ind1=" " ind2="7" tag="651"><subfield code="a">United States.</subfield><subfield code="2">fast</subfield><subfield code="0">(OCoLC)fst01204155</subfield></datafield><datafield ind1=" " ind2="7" tag="648"><subfield code="a">1861-1865</subfield><subfield code="2">fast</subfield></datafield><datafield ind1=" " ind2="7" tag="655"><subfield code="a">History.</subfield><subfield code="2">fast</subfield><subfield code="0">(OCoLC)fst01411628</subfield></datafield><datafield ind1=" " ind2="7" tag="655"><subfield code="a">Periodicals.</subfield><subfield code="2">fast</subfield><subfield code="0">(OCoLC)fst01411641</subfield></datafield><datafield ind1=" " ind2=" " tag="752"><subfield code="a">United States</subfield><subfield code="b">New York</subfield><subfield code="d">New York.</subfield></datafield><datafield ind1="0" ind2="8" tag="776"><subfield code="i">Print version:</subfield><subfield code="t">Army and Navy journal</subfield><subfield code="w">(OCoLC)42279816</subfield></datafield><datafield ind1="4" ind2="0" tag="856"><subfield code="u">http://www.ebscohost.com</subfield></datafield></record>